<record><leader>00000cas a2200000 a 4500</leader><controlfield tag="001">13435185</controlfield><controlfield tag="008">860415d188u1957wiuwr ne      0    0eng c</controlfield><datafield ind1=" " ind2=" " tag="010"><subfield code="a">sn 86086441 </subfield></datafield><datafield ind1=" " ind2=" " tag="040"><subfield code="a">NPV</subfield><subfield code="b">eng</subfield><subfield code="c">NPV</subfield><subfield code="d">CVF</subfield><subfield code="d">OCLCQ</subfield><subfield code="d">OCLCF</subfield><subfield code="d">OCLCO</subfield></datafield><datafield ind1=" " ind2=" " tag="042"><subfield code="a">pcc</subfield></datafield><datafield ind1=" " ind2=" " tag="043"><subfield code="a">n-us-wi</subfield></datafield><datafield ind1="0" ind2=" " tag="130"><subfield code="a">Ripon commonwealth (Ripon, Wis. : 1887)</subfield></datafield><datafield ind1="1" ind2="4" tag="245"><subfield code="a">The Ripon commonwealth.</subfield></datafield><datafield ind1=" " ind2=" " tag="260"><subfield code="a">Ripon, Wis. :</subfield><subfield code="b">Ellsworth &amp; Harmon,</subfield><subfield code="c">-1957.</subfield></datafield><datafield ind1=" " ind2=" " tag="300"><subfield code="a">v. :</subfield><subfield code="b">ill.</subfield></datafield><datafield ind1=" " ind2=" " tag="310"><subfield code="a">Weekly</subfield></datafield><datafield ind1="0" ind2=" " tag="362"><subfield code="a">-ninety-third year, no. 14 (Apr. 18, 1957).</subfield></datafield><datafield ind1=" " ind2=" " tag="515"><subfield code="a">Drops whole numbering with: fifty-eighth year, no. 51 (Nov. 5, 1920) = whole no. 2916.</subfield></datafield><datafield ind1=" " ind2=" " tag="588"><subfield code="a">Description based on: Vol. 24, no. 31 (July 29, 1887) = whole no. 1228.</subfield></datafield><datafield ind1=" " ind2="0" tag="651"><subfield code="a">Ripon (Wis.)</subfield><subfield code="v">Newspapers.</subfield></datafield><datafield ind1=" " ind2="0" tag="651"><subfield code="a">Fond du Lac County (Wis.)</subfield><subfield code="v">Newspapers.</subfield></datafield><datafield ind1=" " ind2="7" tag="655"><subfield code="a">Newspapers.</subfield><subfield code="2">fast</subfield><subfield code="0">(OCoLC)fst01423814</subfield></datafield><datafield ind1=" " ind2="7" tag="651"><subfield code="a">Wisconsin</subfield><subfield code="z">Fond du Lac County.</subfield><subfield code="2">fast</subfield><subfield code="0">(OCoLC)fst01212939</subfield></datafield><datafield ind1=" " ind2="7" tag="651"><subfield code="a">Wisconsin</subfield><subfield code="z">Ripon.</subfield><subfield code="2">fast</subfield><subfield code="0">(OCoLC)fst01202864</subfield></datafield><datafield ind1=" " ind2=" " tag="752"><subfield code="a">United States</subfield><subfield code="b">Wisconsin</subfield><subfield code="c">Fond du Lac</subfield><subfield code="d">Ripon.</subfield></datafield><datafield ind1="0" ind2="0" tag="780"><subfield code="t">Commonwealth (Ripon, Wis.)</subfield><subfield code="w">(DLC)sn 86086440</subfield></datafield><datafield ind1="0" ind2="5" tag="780"><subfield code="t">Ripon weekly press</subfield><subfield code="w">(DLC)sn 85041576</subfield></datafield><datafield ind1="0" ind2="0" tag="785"><subfield code="t">Ripon commonwealth and Ripon weekly press</subfield><subfield code="w">(DLC)sn 86086442</subfield></datafield></record>